% heat transfer book
@book{nellis_klein_2012, place={Cambridge}, title={Heat transfer}, publisher={Cambridge University Press}, author={Nellis, Gregory and Klein, Sanford A.}, year={2012}}

% X paper: bee+
@article{yang2019bee+,
  title={Bee+: A 95-mg Four-Winged Insect-Scale Flying Robot Driven by Twinned Unimorph Actuators},
  author={Yang, Xiufeng and Chen, Ying and Chang, Longlong and Calder{\'o}n, Ariel A and P{\'e}rez-Arancibia, N{\'e}stor O},
  journal={IEEE Robotics and Automation Letters},
  volume={4},
  number={4},
  pages={4270--4277},
  year={2019},
  publisher={IEEE}
}

